<record xmlns="http://www.loc.gov/MARC21/slim" xmlns:xsi="http://www.w3.org/2001/XMLSchema-instance" xsi:schemaLocation="http://www.loc.gov/MARC21/slim http://www.loc.gov/standards/marcxml/schema/MARC21slim.xsd"><leader>01875nam a2200325   4500</leader><controlfield tag="001">001592472</controlfield><controlfield tag="003">NNU</controlfield><controlfield tag="006">m        d        </controlfield><controlfield tag="007">cr cn |||m|||a</controlfield><controlfield tag="008">150116s1901    ua      o     000 0 ara d</controlfield><datafield ind1=" " ind2=" " tag="040"><subfield code="a">NNU</subfield><subfield code="b">eng</subfield><subfield code="c">NNU</subfield></datafield><datafield ind1=" " ind2="4" tag="050"><subfield code="a">PJ7862.H563</subfield><subfield code="b">H35 1901</subfield></datafield><datafield ind1=" " ind2=" " tag="066"><subfield code="c">(3</subfield></datafield><datafield ind1=" " ind2=" " tag="090"><subfield code="a">PJ7862.H563</subfield><subfield code="b">H35 1901</subfield></datafield><datafield ind1="1" ind2=" " tag="100"><subfield code="6">880-01</subfield><subfield code="a">Shinq&#299;&#7789;&#299;, Mu&#7717;ammad Ma&#7717;m&#363;d</subfield></datafield><datafield ind1="1" ind2="3" tag="245"><subfield code="6">880-02</subfield><subfield code="a">al-&#7716;am&#257;sah al-san&#299;yah al-k&#257;milah al-maz&#299;yah f&#299; al-ri&#7717;lah al-&#699;ilm&#299;yah al-Shinq&#299;&#7789;&#299;yah al-Turkuz&#299;yah</subfield><subfield code="h">[electronic resource] /</subfield><subfield code="c">li-Mu&#7717;ammad Ma&#7717;m&#363;d ibn al-Tal&#257;m&#299;d al-Turkuz&#299; al-Shinq&#299;&#7789;&#299;.</subfield></datafield><datafield ind1=" " ind2=" " tag="260"><subfield code="6">880-03</subfield><subfield code="a">Mi&#7779;r :</subfield><subfield code="b">Ma&#7789;ba&#699;at al-Maws&#363;&#699;&#257;t,</subfield><subfield code="c">1319 [1901 or 1902]</subfield></datafield><datafield ind1=" " ind2=" " tag="300"><subfield code="a">online resource (2 v. in 1)</subfield></datafield><datafield ind1=" " ind2=" " tag="500"><subfield code="a">Part of the Arabic Collections Online (ACO) project, contributed by New York Univeristy Libraries.</subfield></datafield><datafield ind1="0" ind2=" " tag="505"><subfield code="a">v. 1. Ya&#7717;taw&#299; &#699;al&#225; arba&#699; qa&#7779;&#257;&#700;id wa-maq&#7789;&#363;&#699;ah -- v. 2. Ya&#7717;taw&#299; &#699;al&#225; khams qa&#7779;&#257;&#700;id wa-maq&#7789;&#363;&#699;ah.</subfield></datafield><datafield ind1=" " ind2=" " tag="533"><subfield code="a">Electronic reproduction.</subfield><subfield code="b">New York, N.Y. :</subfield><subfield code="c">New York University,</subfield><subfield code="d">2015.</subfield><subfield code="5">NNU</subfield></datafield><datafield ind1="2" ind2=" " tag="710"><subfield code="a">New York University.</subfield><subfield code="b">Libraries.</subfield></datafield><datafield ind1="0" ind2=" " tag="730"><subfield code="a">Arabic Collections Online.</subfield></datafield><datafield ind1="0" ind2="8" tag="776"><subfield code="i">Print version:</subfield><subfield code="a">Shinq&#299;&#7789;&#299;, Mu&#7717;ammad Ma&#7717;m&#363;d 880-01</subfield><subfield code="t">al-&#7716;am&#257;sah al-san&#299;yah al-k&#257;milah al-maz&#299;yah f&#299; al-ri&#7717;lah al-&#699;ilm&#299;yah al-Shinq&#299;&#7789;&#299;yah al-Turkuz&#299;yah</subfield><subfield code="w">(NNU)001592472</subfield></datafield><datafield ind1="4" ind2="0" tag="856"><subfield code="u">http://hdl.handle.net/2333.1/31zcrmmf</subfield></datafield><datafield ind1="1" ind2=" " tag="880"><subfield code="6">100-01/</subfield><subfield code="a">&#1588;&#1606;&#1602;&#1610;&#1591;&#1610;&#1548; &#1605;&#1581;&#1605;&#1583; &#1605;&#1581;&#1605;&#1608;&#1583;.</subfield></datafield><datafield ind1="1" ind2="2" tag="880"><subfield code="6">245-02/</subfield><subfield code="a">&#1575;&#1604;&#1581;&#1605;&#1575;&#1587;&#1577; &#1575;&#1604;&#1587;&#1606;&#1610;&#1577; &#1575;&#1604;&#1603;&#1575;&#1605;&#1604;&#1577; &#1575;&#1604;&#1605;&#1586;&#1610;&#1577; &#1601;&#1610; &#1575;&#1604;&#1585;&#1581;&#1604;&#1577; &#1575;&#1604;&#1593;&#1604;&#1605;&#1610;&#1577; &#1575;&#1604;&#1588;&#1606;&#1602;&#1610;&#1591;&#1610;&#1577; &#1575;&#1604;&#1578;&#1585;&#1603;&#1586;&#1610;&#1577; /</subfield><subfield code="c">&#1604;&#1605;&#1581;&#1605;&#1583; &#1605;&#1581;&#1605;&#1608;&#1583; &#1576;&#1606; &#1575;&#1604;&#1578;&#1604;&#1575;&#1605;&#1610;&#1583; &#1575;&#1604;&#1578;&#1585;&#1603;&#1586;&#1610; &#1575;&#1604;&#1588;&#1606;&#1602;&#1610;&#1591;&#1610;.</subfield></datafield><datafield ind1=" " ind2=" " tag="880"><subfield code="6">260-03/</subfield><subfield code="a">&#1605;&#1589;&#1585; :</subfield><subfield code="b">&#1605;&#1591;&#1576;&#1593;&#1577; &#1575;&#1604;&#1605;&#1608;&#1587;&#1608;&#1593;&#1575;&#1578;&#1548;</subfield><subfield code="c">&#1633;&#1635;&#1633;&#1641;.</subfield></datafield><datafield ind1=" " ind2=" " tag="959"><subfield code="a">NNU</subfield><subfield code="b">WEB</subfield><subfield code="c">GENI</subfield><subfield code="t">0</subfield><subfield code="m">Electronic access</subfield><subfield code="s">01</subfield></datafield><datafield ind1=" " ind2=" " tag="999"><subfield code="i">NNU_001592472</subfield><subfield code="o" /></datafield></record>